<?xml version="1.0" encoding="UTF-8"?><collection xmlns="http://www.loc.gov/MARC21/slim"><record><leader>00331nam--2200121-i-4500</leader><controlfield tag="001">000001982</controlfield><controlfield tag="002">20161230</controlfield><controlfield tag="005">20161230201024</controlfield><controlfield tag="008">060222s1000------------r-----000-0-eng-d</controlfield><datafield ind1=" " ind2=" " tag="100"><subfield code="a">Goldstein, M.B.Dr., Rivenzon A.Dr</subfield></datafield><datafield ind1=" " ind2=" " tag="245"><subfield code="a">Histologie practica</subfield></datafield><datafield ind1=" " ind2=" " tag="260"><subfield code="a">Bucuresti, Editura Medicala, 1958. 419 P., 465 Fig., 56 Pl</subfield></datafield><datafield ind1=" " ind2=" " tag="852"><subfield code="a">6388</subfield></datafield></record></collection>